%YAML 1.1
%TAG !u! tag:unity3d.com,2011:
--- !u!243 &-6269179924744975694
AudioMixerGroupController:
  m_ObjectHideFlags: 0
  m_CorrespondingSourceObject: {fileID: 0}
  m_PrefabInstance: {fileID: 0}
  m_PrefabAsset: {fileID: 0}
  m_Name: Sounds
  m_AudioMixer: {fileID: 24100000}
  m_GroupID: 4670db063a0c7e5499f1c76750c77146
  m_Children: []
  m_Volume: 8de0acc3ee998c34e8e9c44726866866
  m_Pitch: 9d47b078a8a9b524cb2f2524070a70b3
  m_Send: 00000000000000000000000000000000
  m_Effects:
  - {fileID: -4150861157200625440}
  m_UserColorIndex: 0
  m_Mute: 0
  m_Solo: 0
  m_BypassEffects: 0
--- !u!244 &-4150861157200625440
AudioMixerEffectController:
  m_ObjectHideFlags: 3
  m_CorrespondingSourceObject: {fileID: 0}
  m_PrefabInstance: {fileID: 0}
  m_PrefabAsset: {fileID: 0}
  m_Name: 
  m_EffectID: 51762479fe3252748b6c48a81848719a
  m_EffectName: Attenuation
  m_MixLevel: f7d7c2fe883104c4ebcba68050910240
  m_Parameters: []
  m_SendTarget: {fileID: 0}
  m_EnableWetMix: 0
  m_Bypass: 0
--- !u!241 &24100000
AudioMixerController:
  m_ObjectHideFlags: 0
  m_CorrespondingSourceObject: {fileID: 0}
  m_PrefabInstance: {fileID: 0}
  m_PrefabAsset: {fileID: 0}
  m_Name: MainMixer
  m_OutputGroup: {fileID: 0}
  m_MasterGroup: {fileID: 24300002}
  m_Snapshots:
  - {fileID: 24500006}
  m_StartSnapshot: {fileID: 24500006}
  m_SuspendThreshold: -80
  m_EnableSuspend: 1
  m_UpdateMode: 0
  m_ExposedParameters:
  - guid: 07761cbb6ef90994d8c369ef29e2cfd3
    name: MusicVolume
  - guid: 8de0acc3ee998c34e8e9c44726866866
    name: SoundsVolume
  m_AudioMixerGroupViews:
  - guids:
    - d021b1f7ee2db9f498401c89ac001f93
    - 8c11c29745b9e8e469e7e8a266f9aa1a
    - 4670db063a0c7e5499f1c76750c77146
    name: View
  m_CurrentViewIndex: 0
  m_TargetSnapshot: {fileID: 24500006}
--- !u!243 &24300002
AudioMixerGroupController:
  m_ObjectHideFlags: 0
  m_CorrespondingSourceObject: {fileID: 0}
  m_PrefabInstance: {fileID: 0}
  m_PrefabAsset: {fileID: 0}
  m_Name: Master
  m_AudioMixer: {fileID: 24100000}
  m_GroupID: d021b1f7ee2db9f498401c89ac001f93
  m_Children:
  - {fileID: 1737496317998273961}
  - {fileID: -6269179924744975694}
  m_Volume: bba3a60d60f6bd546a5c229fa6f1a392
  m_Pitch: a99f9186e7dd52b4ca0c4b98c2864fb3
  m_Send: 00000000000000000000000000000000
  m_Effects:
  - {fileID: 24400004}
  m_UserColorIndex: 0
  m_Mute: 0
  m_Solo: 0
  m_BypassEffects: 0
--- !u!244 &24400004
AudioMixerEffectController:
  m_ObjectHideFlags: 3
  m_CorrespondingSourceObject: {fileID: 0}
  m_PrefabInstance: {fileID: 0}
  m_PrefabAsset: {fileID: 0}
  m_Name: 
  m_EffectID: 23512f64d25fa224fb2568f9f35f6322
  m_EffectName: Attenuation
  m_MixLevel: 89db73a12fd416d4d85c1358ce8f7f0a
  m_Parameters: []
  m_SendTarget: {fileID: 0}
  m_EnableWetMix: 0
  m_Bypass: 0
--- !u!245 &24500006
AudioMixerSnapshotController:
  m_ObjectHideFlags: 0
  m_CorrespondingSourceObject: {fileID: 0}
  m_PrefabInstance: {fileID: 0}
  m_PrefabAsset: {fileID: 0}
  m_Name: Snapshot
  m_AudioMixer: {fileID: 24100000}
  m_SnapshotID: cd0061d33f84d8444851ae78c6327b2b
  m_FloatValues: {}
  m_TransitionOverrides: {}
--- !u!243 &1737496317998273961
AudioMixerGroupController:
  m_ObjectHideFlags: 0
  m_CorrespondingSourceObject: {fileID: 0}
  m_PrefabInstance: {fileID: 0}
  m_PrefabAsset: {fileID: 0}
  m_Name: Music
  m_AudioMixer: {fileID: 24100000}
  m_GroupID: 8c11c29745b9e8e469e7e8a266f9aa1a
  m_Children: []
  m_Volume: 07761cbb6ef90994d8c369ef29e2cfd3
  m_Pitch: 9e21c632cf0c1bf40bcb5da41ac8502d
  m_Send: 00000000000000000000000000000000
  m_Effects:
  - {fileID: 5459855027465199692}
  m_UserColorIndex: 0
  m_Mute: 0
  m_Solo: 0
  m_BypassEffects: 0
--- !u!244 &5459855027465199692
AudioMixerEffectController:
  m_ObjectHideFlags: 3
  m_CorrespondingSourceObject: {fileID: 0}
  m_PrefabInstance: {fileID: 0}
  m_PrefabAsset: {fileID: 0}
  m_Name: 
  m_EffectID: 14ea532b48a033e44b062c55622a2a21
  m_EffectName: Attenuation
  m_MixLevel: 700fd1aa2d6e1cb44871a0aaccbb74eb
  m_Parameters: []
  m_SendTarget: {fileID: 0}
  m_EnableWetMix: 0
  m_Bypass: 0
